@TechReport{christensen2004archdesc,
  author = "Henrik B{\ae}rbak Christensen and Aino Corry and Klaus
                  Marius Hansen",
  title = "{An Approach to Software Architecture Description Using UML 2.0}",
  institution = "Computer Science Department, University of Aarhus",
  year = 2007,
  url="http://person.au.dk/fil/15565758/christensen-corry-marius-2007.pdf" 
}

@Book{bass2003sa,
  author = "L. Bass and P. Clements and R. Kazman",
  title = "Software Architecture in Practice",
  publisher = "Addison-Wesley",
  edition = "2",
  year = "2003" }

@Article{allen1998tosem-rev,
  author = "R. Allen and D. Garlan",
  title = "A Formal Basis for Architectural Connection",
  journal = "Transactions of Software Engineering and Methodology (Revised Version)",
  volume = "6",
  number = "3",
  pages = "213--249",
  year = "1998"
}


